A211947               PREF.MUN.DE INOCENCI237BANCO BRADESCO S/A  2023090500411303                                                                     
G001 0484 7568 0     20230904202309058164000000179731947202309110101200030747600500000001797300001990000000123705819200004609220                      
G001 0484 7568 0     20230904202309058162000000020001947202309040501200031103600100000000200000001990000000223705045300004754854                      
G001 0484 7568 0     20230904202309058166000000086321947202309110101200030742700500000000863200001990000000323705819300005229225                      
G001 0484 7568 0     20230904202309058164000000098111947202309110101200030640600500000000981100001990000000423705819300005228435                      
G001 0484 7568 0     20230904202309058164000000135431947202309110101200030549600500000001354300001990000000523705819300005227684                      
G001 0484 7568 0     20230904202309058160000000053001947202309110101200030533300500000000530000001990000000623705819300005226551                      
G001 0484 7568 0     20230904202309058162000000108381947202309070111100178880400100000001083800001990000000723720281200004754689                      
G001 0484 7568 0     20230904202309058167000025381291947202309040101200031046300100000253812900001990000000823720281200005154616                      
G001 0484 7568 0     20230904202309058167000000266771947202309060111100178880000100000002667700001990000000923705819300004468532                      
G001 0484 7568 0     20230904202309058161000000097421947202309110101200030680900500000000974200001990000001023705819300004832253                      
G001 0484 7568 0     20230904202309058165000000158091947202309150103200030128000800000001580900001990000001123705819300004826464                      
G001 0484 7568 0     20230904202309058161000000115001947202309110101200030570000500000001150000001990000001223705819300004289593                      
G001 0484 7568 0     20230904202309058163000000122041947202309110101200030522600500000001220400001990000001323705819300004280355                      
G001 0484 7568 0     20230904202309058160000000032891947202309110101200030797400500000000328900001990000001423705819300004037728                      
G001 0484 7568 0     20230904202309058165000000211911947202309040111100178879400100000002119100001990000001523705819300005462041                      
G001 0484 7568 0     20230904202309058160000000043061947202309110101200030723700500000000430600001990000001623705819300004266303                      
Z00001800000000002710944                                                                                                                              
